% My papers
@article{Chen-Lin:2017pay,
      author         = "Chen-Lin, Xinyi and Medina-Rincon, Daniel and Zarembo,
                        Konstantin",
      title          = "{Quantum String Test of Nonconformal Holography}",
      journal        = "JHEP",
      volume         = "04",
      year           = "2017",
      pages          = "095",
      doi            = "10.1007/JHEP04(2017)095",
      eprint         = "1702.07954",
      archivePrefix  = "arXiv",
      primaryClass   = "hep-th",
      reportNumber   = "NORDITA-2017-15",
      SLACcitation   = "%%CITATION = ARXIV:1702.07954;%%"
}

@article{Chen-Lin:2016kkk,
      author         = "Chen-Lin, Xinyi",
      title          = "{Symmetric Wilson Loops beyond leading order}",
      journal        = "SciPost Phys.",
      volume         = "1",
      year           = "2016",
      number         = "2",
      pages          = "013",
      doi            = "10.21468/SciPostPhys.1.2.013",
      eprint         = "1610.02914",
      archivePrefix  = "arXiv",
      primaryClass   = "hep-th",
      SLACcitation   = "%%CITATION = ARXIV:1610.02914;%%"
}

@article{Chen-Lin:2015xlh,
      author         = "Chen-Lin, Xinyi and Dekel, Amit and Zarembo, Konstantin",
      title          = "{Holographic Wilson loops in symmetric representations in
                        $ \mathcal{N} = {2}^{\ast } $ super-Yang-Mills theory}",
      journal        = "JHEP",
      volume         = "02",
      year           = "2016",
      pages          = "109",
      doi            = "10.1007/JHEP02(2016)109",
      eprint         = "1512.06420",
      archivePrefix  = "arXiv",
      primaryClass   = "hep-th",
      SLACcitation   = "%%CITATION = ARXIV:1512.06420;%%"
}
@article{Chen-Lin:2015dfa,
	Archiveprefix = {arXiv},
	Author = {Chen-Lin, Xinyi and Zarembo, Konstantin},
	Date-Added = {2015-06-30 21:05:43 +0000},
	Date-Modified = {2015-06-30 21:05:43 +0000},
	Doi = {10.1007/JHEP03(2015)147},
	Eprint = {1502.01942},
	Journal = {JHEP},
	Pages = {147},
	Primaryclass = {hep-th},
	Slaccitation = {%%CITATION = ARXIV:1502.01942;%%},
	Title = {{Higher Rank Wilson Loops in N = 2* Super-Yang-Mills Theory}},
	Volume = {1503},
	Year = {2015},
	Bdsk-Url-1 = {http://dx.doi.org/10.1007/JHEP03(2015)147}}
	
@article{Chen:2014vka,
	Archiveprefix = {arXiv},
	Author = {Chen-Lin, Xinyi and Gordon, James and Zarembo, Konstantin},
	Date-Added = {2015-02-06 17:55:11 +0000},
	Date-Modified = {2015-07-01 08:12:05 +0000},
	Doi = {10.1007/JHEP11(2014)057},
	Eprint = {1408.6040},
	Journal = {JHEP},
	Pages = {057},
	Primaryclass = {hep-th},
	Reportnumber = {NORDITA-2014-101, UUITP-10-14},
	Slaccitation = {%%CITATION = ARXIV:1408.6040;%%},
	Title = {{$ \mathcal{N}={2}^*$ super-Yang-Mills theory at strong coupling}},
	Volume = {1411},
	Year = {2014},
	Bdsk-Url-1 = {http://dx.doi.org/10.1007/JHEP11(2014)057}}	


	
% Other papers

@article{Witten:1998qj,
      author         = "Witten, Edward",
      title          = "{Anti-de Sitter space and holography}",
      journal        = "Adv. Theor. Math. Phys.",
      volume         = "2",
      year           = "1998",
      pages          = "253-291",
      eprint         = "hep-th/9802150",
      archivePrefix  = "arXiv",
      primaryClass   = "hep-th",
      reportNumber   = "IASSNS-HEP-98-15",
      SLACcitation   = "%%CITATION = HEP-TH/9802150;%%"
}

@article{Gubser:1998bc,
      author         = "Gubser, S. S. and Klebanov, Igor R. and Polyakov,
                        Alexander M.",
      title          = "{Gauge theory correlators from noncritical string
                        theory}",
      journal        = "Phys. Lett.",
      volume         = "B428",
      year           = "1998",
      pages          = "105-114",
      doi            = "10.1016/S0370-2693(98)00377-3",
      eprint         = "hep-th/9802109",
      archivePrefix  = "arXiv",
      primaryClass   = "hep-th",
      reportNumber   = "PUPT-1767",
      SLACcitation   = "%%CITATION = HEP-TH/9802109;%%"
}

@inproceedings{DHoker:2002nbb,
      author         = "D'Hoker, Eric and Freedman, Daniel Z.",
      title          = "{Supersymmetric gauge theories and the AdS / CFT
                        correspondence}",
      booktitle      = "{Strings, Branes and Extra Dimensions: TASI 2001:
                        Proceedings}",
      year           = "2002",
      pages          = "3-158",
      eprint         = "hep-th/0201253",
      archivePrefix  = "arXiv",
      primaryClass   = "hep-th",
      reportNumber   = "UCLA-02-TEP-3, MIT-CTP-3242",
      SLACcitation   = "%%CITATION = HEP-TH/0201253;%%"
}

@article{Maldacena:1997re,
      author         = "Maldacena, Juan Martin",
      title          = "{The Large N limit of superconformal field theories and
                        supergravity}",
      journal        = "Int. J. Theor. Phys.",
      volume         = "38",
      year           = "1999",
      pages          = "1113-1133",
      doi            = "10.1023/A:1026654312961",
      note           = "[Adv. Theor. Math. Phys.2,231(1998)]",
      eprint         = "hep-th/9711200",
      archivePrefix  = "arXiv",
      primaryClass   = "hep-th",
      reportNumber   = "HUTP-97-A097, HUTP-98-A097",
      SLACcitation   = "%%CITATION = HEP-TH/9711200;%%"
}

@article{Maldacena:1998im,
      author         = "Maldacena, Juan Martin",
      title          = "{Wilson loops in large N field theories}",
      journal        = "Phys. Rev. Lett.",
      volume         = "80",
      year           = "1998",
      pages          = "4859-4862",
      doi            = "10.1103/PhysRevLett.80.4859",
      eprint         = "hep-th/9803002",
      archivePrefix  = "arXiv",
      primaryClass   = "hep-th",
      reportNumber   = "HUTP-98-A014",
      SLACcitation   = "%%CITATION = HEP-TH/9803002;%%"
}

@article{Aharony:2008ug,
      author         = "Aharony, Ofer and Bergman, Oren and Jafferis, Daniel
                        Louis and Maldacena, Juan",
      title          = "{N=6 superconformal Chern-Simons-matter theories,
                        M2-branes and their gravity duals}",
      journal        = "JHEP",
      volume         = "10",
      year           = "2008",
      pages          = "091",
      doi            = "10.1088/1126-6708/2008/10/091",
      eprint         = "0806.1218",
      archivePrefix  = "arXiv",
      primaryClass   = "hep-th",
      reportNumber   = "WIS-12-08-JUN-DPP",
      SLACcitation   = "%%CITATION = ARXIV:0806.1218;%%"
}

@article{Skenderis:2002wp,
      author         = "Skenderis, Kostas",
      title          = "{Lecture notes on holographic renormalization}",
      booktitle      = "{The quantum structure of space-time and the geometric
                        nature of fundamental interactions. Proceedings, RTN
                        European Winter School, RTN 2002, Utrecht, Netherlands,
                        January 17-22, 2002}",
      journal        = "Class. Quant. Grav.",
      volume         = "19",
      year           = "2002",
      pages          = "5849-5876",
      doi            = "10.1088/0264-9381/19/22/306",
      eprint         = "hep-th/0209067",
      archivePrefix  = "arXiv",
      primaryClass   = "hep-th",
      reportNumber   = "PUTP-2047",
      SLACcitation   = "%%CITATION = HEP-TH/0209067;%%"
}

@article{tHooft:1973alw,
      author         = "'t Hooft, Gerard",
      title          = "{A Planar Diagram Theory for Strong Interactions}",
      journal        = "Nucl. Phys.",
      volume         = "B72",
      year           = "1974",
      pages          = "461",
      doi            = "10.1016/0550-3213(74)90154-0",
      reportNumber   = "CERN-TH-1786",
      SLACcitation   = "%%CITATION = NUPHA,B72,461;%%"
}


@article{Cremmer:1978km,
      author         = "Cremmer, E. and Julia, B. and Scherk, Joel",
      title          = "{Supergravity Theory in Eleven-Dimensions}",
      journal        = "Phys. Lett.",
      volume         = "B76",
      year           = "1978",
      pages          = "409-412",
      doi            = "10.1016/0370-2693(78)90894-8",
      reportNumber   = "LPTENS-78-10",
      SLACcitation   = "%%CITATION = PHLTA,B76,409;%%"
}

@article{Berenstein:1998ij,
      author         = "Berenstein, David Eliecer and Corrado, Richard and
                        Fischler, Willy and Maldacena, Juan Martin",
      title          = "{The Operator product expansion for Wilson loops and
                        surfaces in the large N limit}",
      journal        = "Phys. Rev.",
      volume         = "D59",
      year           = "1999",
      pages          = "105023",
      doi            = "10.1103/PhysRevD.59.105023",
      eprint         = "hep-th/9809188",
      archivePrefix  = "arXiv",
      primaryClass   = "hep-th",
      reportNumber   = "UTTG-05-98, HUTP-98-A066",
      SLACcitation   = "%%CITATION = HEP-TH/9809188;%%"
}



@article{Forini:2017whz,
      author         = "Forini, V. and Tseytlin, A. A. and Vescovi, E.",
      title          = "{Perturbative computation of string one-loop corrections
                        to Wilson loop minimal surfaces in AdS$_5 \times$ S$^5$}",
      journal        = "JHEP",
      volume         = "03",
      year           = "2017",
      pages          = "003",
      doi            = "10.1007/JHEP03(2017)003",
      eprint         = "1702.02164",
      archivePrefix  = "arXiv",
      primaryClass   = "hep-th",
      reportNumber   = "HU-EP-17-02, IMPERIAL-TP-AAT-2017-03",
      SLACcitation   = "%%CITATION = ARXIV:1702.02164;%%"
}

@article{Kruczenski:2008zk,
      author         = "Kruczenski, M. and Tirziu, A.",
      title          = "{Matching the circular Wilson loop with dual open string
                        solution at 1-loop in strong coupling}",
      journal        = "JHEP",
      volume         = "05",
      year           = "2008",
      pages          = "064",
      doi            = "10.1088/1126-6708/2008/05/064",
      eprint         = "0803.0315",
      archivePrefix  = "arXiv",
      primaryClass   = "hep-th",
      SLACcitation   = "%%CITATION = ARXIV:0803.0315;%%"
}

@article{DysonRM,
author = {Freeman J. Dyson},
title = {A Brownian‐Motion Model for the Eigenvalues of a Random Matrix},
journal = {Journal of Mathematical Physics},
volume = {3},
number = {6},
pages = {1191-1198},
year = {1962},
doi = {10.1063/1.1703862},

URL = { 
        http://dx.doi.org/10.1063/1.1703862
    
},
eprint = { 
        http://dx.doi.org/10.1063/1.1703862   
}
}

@article{Dyson:1962es,
      author         = "Dyson, F. J.",
      title          = "{Statistical theory of the energy levels of complex
                        systems. I}",
      journal        = "J. Math. Phys.",
      volume         = "3",
      year           = "1962",
      pages          = "140-156",
      doi            = "10.1063/1.1703773",
      SLACcitation   = "%%CITATION = JMAPA,3,140;%%"
}

@article{Pilch:2000ue,
      author         = "Pilch, Krzysztof and Warner, Nicholas P.",
      title          = "{N=2 supersymmetric RG flows and the IIB dilaton}",
      journal        = "Nucl. Phys.",
      volume         = "B594",
      year           = "2001",
      pages          = "209-228",
      doi            = "10.1016/S0550-3213(00)00656-8",
      eprint         = "hep-th/0004063",
      archivePrefix  = "arXiv",
      primaryClass   = "hep-th",
      reportNumber   = "CITUSC-00-018, USC-00-02",
      SLACcitation   = "%%CITATION = HEP-TH/0004063;%%"
}

@article{Pilch:2003jg,
      author         = "Pilch, Krzysztof and Warner, Nicholas P.",
      title          = "{Generalizing the N=2 supersymmetric RG flow solution of
                        IIB supergravity}",
      journal        = "Nucl. Phys.",
      volume         = "B675",
      year           = "2003",
      pages          = "99-121",
      doi            = "10.1016/j.nuclphysb.2003.09.052",
      eprint         = "hep-th/0306098",
      archivePrefix  = "arXiv",
      primaryClass   = "hep-th",
      reportNumber   = "USC-03-05",
      SLACcitation   = "%%CITATION = HEP-TH/0306098;%%"
}



@article{Gomis:2006sb,
      author         = "Gomis, Jaume and Passerini, Filippo",
      title          = "{Holographic Wilson Loops}",
      journal        = "JHEP",
      volume         = "08",
      year           = "2006",
      pages          = "074",
      doi            = "10.1088/1126-6708/2006/08/074",
      eprint         = "hep-th/0604007",
      archivePrefix  = "arXiv",
      primaryClass   = "hep-th",
      reportNumber   = "KUL-TF-06-11",
      SLACcitation   = "%%CITATION = HEP-TH/0604007;%%"
}

@article{Gomis:2006im,
      author         = "Gomis, Jaume and Passerini, Filippo",
      title          = "{Wilson Loops as D3-Branes}",
      journal        = "JHEP",
      volume         = "01",
      year           = "2007",
      pages          = "097",
      doi            = "10.1088/1126-6708/2007/01/097",
      eprint         = "hep-th/0612022",
      archivePrefix  = "arXiv",
      primaryClass   = "hep-th",
      SLACcitation   = "%%CITATION = HEP-TH/0612022;%%"
}


@article{Faraggi:2011bb,
      author         = "Faraggi, Alberto and Pando Zayas, Leopoldo A.",
      title          = "{The Spectrum of Excitations of Holographic Wilson
                        Loops}",
      journal        = "JHEP",
      volume         = "05",
      year           = "2011",
      pages          = "018",
      doi            = "10.1007/JHEP05(2011)018",
      eprint         = "1101.5145",
      archivePrefix  = "arXiv",
      primaryClass   = "hep-th",
      reportNumber   = "MCTP-11-02",
      SLACcitation   = "%%CITATION = ARXIV:1101.5145;%%"
}

@article{Marino:2001re,
      author         = "Marino, Marcos and Vafa, Cumrun",
      title          = "{Framed knots at large N}",
      booktitle      = "{Workshop on Mathematical Aspects of Orbifold String
                        Theory Madison, Wisconsin, May 4-8, 2001}",
      journal        = "Contemp. Math.",
      volume         = "310",
      year           = "2002",
      pages          = "185-204",
      eprint         = "hep-th/0108064",
      archivePrefix  = "arXiv",
      primaryClass   = "hep-th",
      reportNumber   = "RUNHETC-2001-23, HUTP-01-A039",
      SLACcitation   = "%%CITATION = HEP-TH/0108064;%%"
}



@article{Horikoshi:2016hds,
      author         = "Horikoshi, Masaatsu and Okuyama, Kazumi",
      title          = "{$\alpha'$-expansion of Anti-Symmetric Wilson Loops in
                        $\mathcal{N}=4$ SYM from Fermi Gas}",
      year           = "2016",
      eprint         = "1607.01498",
      archivePrefix  = "arXiv",
      primaryClass   = "hep-th",
      SLACcitation   = "%%CITATION = ARXIV:1607.01498;%%"
}

@article{Skenderis:2002vf,
	Archiveprefix = {arXiv},
	Author = {Skenderis, Kostas and Taylor, Marika},
	Date-Added = {2015-12-19 20:32:00 +0000},
	Date-Modified = {2015-12-19 20:32:00 +0000},
	Doi = {10.1088/1126-6708/2002/06/025},
	Eprint = {hep-th/0204054},
	Journal = {JHEP},
	Pages = {025},
	Primaryclass = {hep-th},
	Reportnumber = {SPIN-2002-09, ITF-2002-15, PUPT-1995},
	Slaccitation = {%%CITATION = HEP-TH/0204054;%%},
	Title = {{Branes in AdS and p p wave space-times}},
	Volume = {06},
	Year = {2002},
	Bdsk-Url-1 = {http://dx.doi.org/10.1088/1126-6708/2002/06/025}}

@article{Hartnoll:2006is,
      author         = "Hartnoll, Sean A. and Kumar, S. Prem",
      title          = "{Higher rank Wilson loops from a matrix model}",
      journal        = "JHEP",
      volume         = "08",
      year           = "2006",
      pages          = "026",
      doi            = "10.1088/1126-6708/2006/08/026",
      eprint         = "hep-th/0605027",
      archivePrefix  = "arXiv",
      primaryClass   = "hep-th",
      SLACcitation   = "%%CITATION = HEP-TH/0605027;%%"
}

@book{Ammon:2015wua,
	Address = {Cambridge, UK},
	Author = {Ammon, Martin and Erdmenger, Johanna},
	Date-Added = {2015-12-06 09:02:04 +0000},
	Date-Modified = {2015-12-06 09:02:04 +0000},
	Isbn = {9781107010345},
	Publisher = {Cambridge Univ. Pr.},
	Slaccitation = {%%CITATION = INSPIRE-1376202;%%},
	Title = {{Gauge/gravity duality}},
	Url = {http://www.cambridge.org/de/academic/subjects/physics/theoretical-physics-and-mathematical-physics/gaugegravity-duality-foundations-and-applications},
	Year = {2015},
	Bdsk-Url-1 = {http://www.cambridge.org/de/academic/subjects/physics/theoretical-physics-and-mathematical-physics/gaugegravity-duality-foundations-and-applications}}
	
@article{Bergamin:2015vxa,
	Archiveprefix = {arXiv},
	Author = {Bergamin, R. and Tseytlin, A. A.},
	Date-Added = {2015-11-02 07:50:43 +0000},
	Date-Modified = {2015-11-02 07:50:43 +0000},
	Eprint = {1510.06894},
	Primaryclass = {hep-th},
	Reportnumber = {IMPERIAL-TP-AT-2015-07},
	Slaccitation = {%%CITATION = ARXIV:1510.06894;%%},
	Title = {{Heat kernels on cone of $AdS_2$ and $k$-wound circular Wilson loop in $AdS_5 \times S^5$ superstring}},
	Year = {2015}}
	
	
@inproceedings{Russo:2013sba,
	Archiveprefix = {arXiv},
	Author = {Russo, J. G. and Zarembo, K.},
	Booktitle = {{Proceedings, 100th anniversary of the birth of I.Ya. Pomeranchuk}},
	Date-Added = {2015-07-22 19:22:37 +0000},
	Date-Modified = {2015-07-22 19:22:37 +0000},
	Doi = {10.1142/9789814616850_0015},
	Eprint = {1312.1214},
	Pages = {287-311},
	Primaryclass = {hep-th},
	Reportnumber = {NORDITA-2013-97, UUITP-21-13},
	Slaccitation = {%%CITATION = ARXIV:1312.1214;%%},
	Title = {{Localization at Large N}},
	Url = {http://inspirehep.net/record/1267544/files/arXiv:1312.1214.pdf},
	Year = {2014},
	Bdsk-Url-1 = {http://inspirehep.net/record/1267544/files/arXiv:1312.1214.pdf},
	Bdsk-Url-2 = {http://dx.doi.org/10.1142/9789814616850_0015}}

@article{Buchbinder:2014nia,
      author         = "Buchbinder, E. I. and Tseytlin, A. A.",
      title          = "{1/N correction in the D3-brane description of a circular
                        Wilson loop at strong coupling}",
      journal        = "Phys. Rev.",
      volume         = "D89",
      year           = "2014",
      number         = "12",
      pages          = "126008",
      doi            = "10.1103/PhysRevD.89.126008",
      eprint         = "1404.4952",
      archivePrefix  = "arXiv",
      primaryClass   = "hep-th",
      reportNumber   = "Imperial-TP-AT-2014-03",
      SLACcitation   = "%%CITATION = ARXIV:1404.4952;%%"
}

@article{Bergamin:2015vxa,
      author         = "Bergamin, R. and Tseytlin, A. A.",
      title          = "{Heat kernels on cone of $AdS_2$ and $k$-wound circular
                        Wilson loop in $AdS_5 \times S^5$ superstring}",
      journal        = "J. Phys.",
      volume         = "A49",
      year           = "2016",
      number         = "14",
      pages          = "14LT01",
      doi            = "10.1088/1751-8113/49/14/14LT01",
      eprint         = "1510.06894",
      archivePrefix  = "arXiv",
      primaryClass   = "hep-th",
      reportNumber   = "IMPERIAL-TP-AT-2015-07",
      SLACcitation   = "%%CITATION = ARXIV:1510.06894;%%"
}

@article{Forini:2015bgo,
      author         = "Forini, V. and Giangreco M. Puletti, V. and Griguolo, L.
                        and Seminara, D. and Vescovi, E.",
      title          = "{Precision calculation of 1/4-BPS Wilson loops in
                        AdS$_5\times S^5$}",
      journal        = "JHEP",
      volume         = "02",
      year           = "2016",
      pages          = "105",
      doi            = "10.1007/JHEP02(2016)105",
      eprint         = "1512.00841",
      archivePrefix  = "arXiv",
      primaryClass   = "hep-th",
      reportNumber   = "HU-EP-15-58",
      SLACcitation   = "%%CITATION = ARXIV:1512.00841;%%"
}

@article{Kristjansen:2012nz,
      author         = "Kristjansen, Charlotte and Makeenko, Yuri",
      title          = "{More about One-Loop Effective Action of Open Superstring
                        in $AdS_5\times S^5$}",
      journal        = "JHEP",
      volume         = "09",
      year           = "2012",
      pages          = "053",
      doi            = "10.1007/JHEP09(2012)053",
      eprint         = "1206.5660",
      archivePrefix  = "arXiv",
      primaryClass   = "hep-th",
      reportNumber   = "ITEP-TH-28-12, ITEP--TH--28-12",
      SLACcitation   = "%%CITATION = ARXIV:1206.5660;%%"
}

@article{Buchbinder:2012vr,
	Archiveprefix = {arXiv},
	Author = {Buchbinder, E. I. and Tseytlin, A. A.},
	Date-Added = {2015-07-21 18:38:09 +0000},
	Date-Modified = {2015-07-21 18:38:09 +0000},
	Doi = {10.1103/PhysRevD.87.026006},
	Eprint = {1208.5138},
	Journal = {Phys. Rev.},
	Number = {2},
	Pages = {026006},
	Primaryclass = {hep-th},
	Reportnumber = {IMPERIAL-TP-EIB-2012-01},
	Slaccitation = {%%CITATION = ARXIV:1208.5138;%%},
	Title = {{Correlation function of circular Wilson loop with two local operators and conformal invariance}},
	Volume = {D87},
	Year = {2013},
	Bdsk-Url-1 = {http://dx.doi.org/10.1103/PhysRevD.87.026006}}
	

@article{Zarembo:2014ooa,
	Archiveprefix = {arXiv},
	Author = {Zarembo, K.},
	Date-Added = {2015-06-09 12:38:35 +0000},
	Date-Modified = {2015-06-09 12:38:35 +0000},
	Doi = {10.1007/s11232-014-0232-4},
	Eprint = {1410.6114},
	Journal = {Theor.Math.Phys.},
	Number = {3},
	Pages = {1522-1530},
	Primaryclass = {hep-th},
	Reportnumber = {NORDITA-2014-119, UUITP-13-14},
	Slaccitation = {%%CITATION = ARXIV:1410.6114;%%},
	Title = {{Strong-Coupling Phases of Planar N=2* Super-Yang-Mills Theory}},
	Volume = {181},
	Year = {2014},
	Bdsk-Url-1 = {http://dx.doi.org/10.1007/s11232-014-0232-4}}
	

@article{Russo:2014nka,
	Archiveprefix = {arXiv},
	Author = {Russo, Jorge G.},
	Date-Added = {2015-02-04 19:14:36 +0000},
	Date-Modified = {2015-02-04 19:14:36 +0000},
	Doi = {10.1007/JHEP12(2014)169},
	Eprint = {1411.2602},
	Journal = {JHEP},
	Pages = {169},
	Primaryclass = {hep-th},
	Reportnumber = {ICCUB-14-065},
	Slaccitation = {%%CITATION = ARXIV:1411.2602;%%},
	Title = {{$ \mathcal{N} $ = 2 gauge theories and quantum phases}},
	Volume = {1412},
	Year = {2014},
	Bdsk-Url-1 = {http://dx.doi.org/10.1007/JHEP12(2014)169}}

@article{Faraggi:2014tna,
	Archiveprefix = {arXiv},
	Author = {Faraggi, Alberto and Liu, James T. and Pando Zayas, Leopoldo A. and Zhang, Guojun},
	Date-Added = {2015-02-02 15:52:07 +0000},
	Date-Modified = {2015-02-02 15:52:07 +0000},
	Doi = {10.1016/j.physletb.2014.11.060},
	Eprint = {1409.3187},
	Journal = {Phys.Lett.},
	Pages = {218-221},
	Primaryclass = {hep-th},
	Reportnumber = {MCTP-14-30},
	Slaccitation = {%%CITATION = ARXIV:1409.3187;%%},
	Title = {{One-loop structure of higher rank Wilson loops in AdS/CFT}},
	Volume = {B740},
	Year = {2015},
	Bdsk-Url-1 = {http://dx.doi.org/10.1016/j.physletb.2014.11.060}}
	
@article{Faraggi:2016ekd,
      author         = "Faraggi, Alberto and Pando Zayas, Leopoldo A. and Silva,
                        Guillermo A. and Trancanelli, Diego",
      title          = "{Toward precision holography with supersymmetric Wilson
                        loops}",
      journal        = "JHEP",
      volume         = "04",
      year           = "2016",
      pages          = "053",
      doi            = "10.1007/JHEP04(2016)053",
      eprint         = "1601.04708",
      archivePrefix  = "arXiv",
      primaryClass   = "hep-th",
      reportNumber   = "MCTP-16-03",
      SLACcitation   = "%%CITATION = ARXIV:1601.04708;%%"
}

@article{Festuccia:2011ws,
      author         = "Festuccia, Guido and Seiberg, Nathan",
      title          = "{Rigid Supersymmetric Theories in Curved Superspace}",
      journal        = "JHEP",
      volume         = "06",
      year           = "2011",
      pages          = "114",
      doi            = "10.1007/JHEP06(2011)114",
      eprint         = "1105.0689",
      archivePrefix  = "arXiv",
      primaryClass   = "hep-th",
      SLACcitation   = "%%CITATION = ARXIV:1105.0689;%%"
}

@article{Buchbinder:2014nia,
	Archiveprefix = {arXiv},
	Author = {Buchbinder, E.I. and Tseytlin, A.A.},
	Date-Added = {2015-02-02 15:51:47 +0000},
	Date-Modified = {2015-02-02 15:51:47 +0000},
	Doi = {10.1103/PhysRevD.89.126008},
	Eprint = {1404.4952},
	Journal = {Phys.Rev.},
	Number = {12},
	Pages = {126008},
	Primaryclass = {hep-th},
	Reportnumber = {Imperial-TP-AT-2014-03},
	Slaccitation = {%%CITATION = ARXIV:1404.4952;%%},
	Title = {{The 1/N correction in the D3-brane description of circular Wilson loop at strong coupling}},
	Volume = {D89},
	Year = {2014},
	Bdsk-Url-1 = {http://dx.doi.org/10.1103/PhysRevD.89.126008}}

@article{Fiol:2013hna,
	Archiveprefix = {arXiv},
	Author = {Fiol, Bartomeu and Torrents, Gen{\'\i}s},
	Date-Added = {2015-02-02 15:45:11 +0000},
	Date-Modified = {2015-02-02 15:45:11 +0000},
	Doi = {10.1007/JHEP01(2014)020},
	Eprint = {1311.2058},
	Journal = {JHEP},
	Pages = {020},
	Primaryclass = {hep-th},
	Slaccitation = {%%CITATION = ARXIV:1311.2058;%%},
	Title = {{Exact results for Wilson loops in arbitrary representations}},
	Volume = {1401},
	Year = {2014},
	Bdsk-Url-1 = {http://dx.doi.org/10.1007/JHEP01(2014)020}}

@article{Kawamoto:2008gp,
	Archiveprefix = {arXiv},
	Author = {Kawamoto, Shoichi and Kuroki, Tsunehide and Miwa, Akitsugu},
	Date-Added = {2015-02-02 15:32:47 +0000},
	Date-Modified = {2015-02-02 15:32:47 +0000},
	Doi = {10.1103/PhysRevD.79.126010},
	Eprint = {0812.4229},
	Journal = {Phys.Rev.},
	Pages = {126010},
	Primaryclass = {hep-th},
	Reportnumber = {UT-KOMABA-08-22},
	Slaccitation = {%%CITATION = ARXIV:0812.4229;%%},
	Title = {{Boundary condition for D-brane from Wilson loop, and gravitational interpretation of eigenvalue in matrix model in AdS/CFT correspondence}},
	Volume = {D79},
	Year = {2009},
	Bdsk-Url-1 = {http://dx.doi.org/10.1103/PhysRevD.79.126010}}

@article{Yamaguchi:2007ps,
	Archiveprefix = {arXiv},
	Author = {Yamaguchi, Satoshi},
	Date-Added = {2015-02-02 15:17:37 +0000},
	Date-Modified = {2015-02-02 15:17:37 +0000},
	Doi = {10.1088/1126-6708/2007/06/073},
	Eprint = {hep-th/0701052},
	Journal = {JHEP},
	Pages = {073},
	Primaryclass = {hep-th},
	Slaccitation = {%%CITATION = HEP-TH/0701052;%%},
	Title = {{Semi-classical open string corrections and symmetric Wilson loops}},
	Volume = {0706},
	Year = {2007},
	Bdsk-Url-1 = {http://dx.doi.org/10.1088/1126-6708/2007/06/073}}

@article{Yamaguchi:2006tq,
      author         = "Yamaguchi, Satoshi",
      title          = "{Wilson loops of anti-symmetric representation and
                        D5-branes}",
      journal        = "JHEP",
      volume         = "05",
      year           = "2006",
      pages          = "037",
      doi            = "10.1088/1126-6708/2006/05/037",
      eprint         = "hep-th/0603208",
      archivePrefix  = "arXiv",
      primaryClass   = "hep-th",
      SLACcitation   = "%%CITATION = HEP-TH/0603208;%%"
}

@article{Drukker:2005kx,
	Archiveprefix = {arXiv},
	Author = {Drukker, Nadav and Fiol, Bartomeu},
	Date-Added = {2015-02-02 09:47:06 +0000},
	Date-Modified = {2015-02-02 09:47:06 +0000},
	Doi = {10.1088/1126-6708/2005/02/010},
	Eprint = {hep-th/0501109},
	Journal = {JHEP},
	Pages = {010},
	Primaryclass = {hep-th},
	Reportnumber = {ITFA-2005-01},
	Slaccitation = {%%CITATION = HEP-TH/0501109;%%},
	Title = {{All-genus calculation of Wilson loops using D-branes}},
	Volume = {0502},
	Year = {2005},
	Bdsk-Url-1 = {http://dx.doi.org/10.1088/1126-6708/2005/02/010}}

@article{Drukker:2000rr,
      author         = "Drukker, Nadav and Gross, David J.",
      title          = "{An Exact prediction of N=4 SUSYM theory for string
                        theory}",
      journal        = "J. Math. Phys.",
      volume         = "42",
      year           = "2001",
      pages          = "2896-2914",
      doi            = "10.1063/1.1372177",
      eprint         = "hep-th/0010274",
      archivePrefix  = "arXiv",
      primaryClass   = "hep-th",
      reportNumber   = "USC-00-05, CITUSC-00-057, NSF-ITP-00-119",
      SLACcitation   = "%%CITATION = HEP-TH/0010274;%%"
}

@article{Drukker:2000ep,
      author         = "Drukker, Nadav and Gross, David J. and Tseytlin, Arkady
                        A.",
      title          = "{Green-Schwarz string in AdS(5) x S**5: Semiclassical
                        partition function}",
      journal        = "JHEP",
      volume         = "04",
      year           = "2000",
      pages          = "021",
      doi            = "10.1088/1126-6708/2000/04/021",
      eprint         = "hep-th/0001204",
      archivePrefix  = "arXiv",
      primaryClass   = "hep-th",
      reportNumber   = "NSF-ITP-99-146, OHSTPY-HEP-T-99-029",
      SLACcitation   = "%%CITATION = HEP-TH/0001204;%%"
}


@article{Drukker:1999zq,
      author         = "Drukker, Nadav and Gross, David J. and Ooguri, Hirosi",
      title          = "{Wilson loops and minimal surfaces}",
      journal        = "Phys. Rev.",
      volume         = "D60",
      year           = "1999",
      pages          = "125006",
      doi            = "10.1103/PhysRevD.60.125006",
      eprint         = "hep-th/9904191",
      archivePrefix  = "arXiv",
      primaryClass   = "hep-th",
      reportNumber   = "UCB-PTH-99-11, LBNL-43079, NSF-ITP-99-22, LBL-43079",
      SLACcitation   = "%%CITATION = HEP-TH/9904191;%%"
}

@article{Anderson:2014hxa,
	Archiveprefix = {arXiv},
	Author = {Anderson, Louise and Zarembo, Konstantin},
	Date-Added = {2014-10-22 17:01:59 +0000},
	Date-Modified = {2014-10-22 17:01:59 +0000},
	Doi = {10.1007/JHEP09(2014)021},
	Eprint = {1406.3366},
	Journal = {JHEP},
	Pages = {021},
	Primaryclass = {hep-th},
	Reportnumber = {NORDITA-2014-70, UUITP-06-14},
	Slaccitation = {%%CITATION = ARXIV:1406.3366;%%},
	Title = {{Quantum Phase Transitions in Mass-Deformed ABJM Matrix Model}},
	Volume = {1409},
	Year = {2014},
	Bdsk-Url-1 = {http://dx.doi.org/10.1007/JHEP09(2014)021}}

@article{Marmiroli:2014ssa,
	Archiveprefix = {arXiv},
	Author = {Marmiroli, Daniele},
	Date-Added = {2014-10-20 10:13:58 +0000},
	Date-Modified = {2014-10-20 10:13:58 +0000},
	Eprint = {1410.4715},
	Primaryclass = {hep-th},
	Slaccitation = {%%CITATION = ARXIV:1410.4715;%%},
	Title = {{Phase structure of $\mathcal{N}=2^*$ SYM on ellipsoids}},
	Year = {2014}}

@article{Bobev:2013cja,
	Archiveprefix = {arXiv},
	Author = {Bobev, Nikolay and Elvang, Henriette and Freedman, Daniel Z. and Pufu, Silviu S.},
	Date-Added = {2014-08-22 15:04:33 +0000},
	Date-Modified = {2014-08-22 15:04:33 +0000},
	Doi = {10.1007/JHEP07(2014)001},
	Eprint = {1311.1508},
	Journal = {JHEP},
	Pages = {001},
	Primaryclass = {hep-th},
	Reportnumber = {MCTP-13-36, MIT-CTP-4513},
	Slaccitation = {%%CITATION = ARXIV:1311.1508;%%},
	Title = {{Holography for $N = 2^*$ on $S^4$}},
	Volume = {1407},
	Year = {2014},
	Bdsk-Url-1 = {http://dx.doi.org/10.1007/JHEP07(2014)001}}

@article{Russo:2014bda,
	Archiveprefix = {arXiv},
	Author = {Russo, Jorge G. and Silva, Guillermo A. and Tierz, Miguel},
	Date-Added = {2014-08-22 13:29:57 +0000},
	Date-Modified = {2014-08-22 13:29:57 +0000},
	Eprint = {1407.4794},
	Primaryclass = {hep-th},
	Slaccitation = {%%CITATION = ARXIV:1407.4794;%%},
	Title = {{Supersymmetric $U(N)$ Chern-Simons-matter theory and phase transitions}},
	Year = {2014}}	
	
@article{Witten:1992xu,
      author         = "Witten, Edward",
      title          = "{Two-dimensional gauge theories revisited}",
      journal        = "J. Geom. Phys.",
      volume         = "9",
      year           = "1992",
      pages          = "303-368",
      doi            = "10.1016/0393-0440(92)90034-X",
      eprint         = "hep-th/9204083",
      archivePrefix  = "arXiv",
      primaryClass   = "hep-th",
      SLACcitation   = "%%CITATION = HEP-TH/9204083;%%"
}	

@article{Szabo:1996md,
      author         = "Szabo, Richard J.",
      title          = "{Equivariant localization of path integrals}",
      year           = "1996",
      eprint         = "hep-th/9608068",
      archivePrefix  = "arXiv",
      primaryClass   = "hep-th",
      reportNumber   = "OUTP-96-51-P",
      SLACcitation   = "%%CITATION = HEP-TH/9608068;%%"
}

@article{Pestun:2016zxk,
      author         = "Pestun, Vasily and others",
      title          = "{Localization techniques in quantum field theories}",
      year           = "2016",
      eprint         = "1608.02952",
      archivePrefix  = "arXiv",
      primaryClass   = "hep-th",
      SLACcitation   = "%%CITATION = ARXIV:1608.02952;%%"
}

@inproceedings{Zarembo:2016bbk,
      author         = "Zarembo, Konstantin",
      title          = "{Localization and AdS/CFT Correspondence}",
      year           = "2016",
      eprint         = "1608.02963",
      archivePrefix  = "arXiv",
      primaryClass   = "hep-th",
      reportNumber   = "NORDITA-2016-30, UUITP-08-16",
      SLACcitation   = "%%CITATION = ARXIV:1608.02963;%%"
}

@article{Brink:1976bc,
      author         = "Brink, Lars and Schwarz, John H. and Scherk, Joel",
      title          = "{Supersymmetric Yang-Mills Theories}",
      journal        = "Nucl. Phys.",
      volume         = "B121",
      year           = "1977",
      pages          = "77-92",
      doi            = "10.1016/0550-3213(77)90328-5",
      reportNumber   = "CALT-68-574",
      SLACcitation   = "%%CITATION = NUPHA,B121,77;%%"
}

@article{BRINK1983323,
    title = "The ultra-violet finiteness of the N=4 Yang-Mills theory",
    journal = "Physics Letters B",
    volume = "123",
    number = "5",
    pages = "323 - 328",
    year = "1983",
    note = "",
    issn = "0370-2693",
    doi = "http://dx.doi.org/10.1016/0370-2693(83)91210-8",
    url = "http://www.sciencedirect.com/science/article/pii/0370269383912108",
    author = "Lars Brink and Olof Lindgren and Bengt E.W. Nilsson"
}				

@article{MANDELSTAM1983149,
    title = "Light-cone superspace and the ultraviolet finiteness of the N=4 model",
    journal = "Nuclear Physics B",
    volume = "213",
    number = "1",
    pages = "149 - 168",
    year = "1983",
    note = "",
    issn = "0550-3213",
    doi = "http://dx.doi.org/10.1016/0550-3213(83)90179-7",
    url = "http://www.sciencedirect.com/science/article/pii/0550321383901797",
    author = "Stanley Mandelstam"
}	

@article{Scherk:1979zr,
      author         = "Scherk, Joel and Schwarz, John H.",
      title          = "{How to Get Masses from Extra Dimensions}",
      journal        = "Nucl. Phys.",
      volume         = "B153",
      year           = "1979",
      pages          = "61-88",
      doi            = "10.1016/0550-3213(79)90592-3",
      reportNumber   = "LPTENS-79-2",
      SLACcitation   = "%%CITATION = NUPHA,B153,61;%%"
}
	
@article{Pestun:2007rz,
      author         = "Pestun, Vasily",
      title          = "{Localization of gauge theory on a four-sphere and
                        supersymmetric Wilson loops}",
      journal        = "Commun. Math. Phys.",
      volume         = "313",
      year           = "2012",
      pages          = "71-129",
      doi            = "10.1007/s00220-012-1485-0",
      eprint         = "0712.2824",
      archivePrefix  = "arXiv",
      primaryClass   = "hep-th",
      reportNumber   = "ITEP-TH-41-07, PUTP-2248",
      SLACcitation   = "%%CITATION = ARXIV:0712.2824;%%"
}

@article{Buchel:2000cn,
      author         = "Buchel, Alex and Peet, Amanda W. and Polchinski, Joseph",
      title          = "{Gauge dual and noncommutative extension of an N=2
                        supergravity solution}",
      journal        = "Phys. Rev.",
      volume         = "D63",
      year           = "2001",
      pages          = "044009",
      doi            = "10.1103/PhysRevD.63.044009",
      eprint         = "hep-th/0008076",
      archivePrefix  = "arXiv",
      primaryClass   = "hep-th",
      reportNumber   = "NSF-ITP-00-95",
      SLACcitation   = "%%CITATION = HEP-TH/0008076;%%"
}	

@article{Buchel:2013id,
	Archiveprefix = {arXiv},
	Author = {Buchel, Alex and Russo, Jorge G. and Zarembo, Konstantin},
	Date-Added = {2013-04-11 16:25:13 +0200},
	Date-Modified = {2013-04-11 16:25:13 +0200},
	Doi = {10.1007/JHEP03(2013)062},
	Eprint = {1301.1597},
	Journal = {JHEP},
	Pages = {062},
	Primaryclass = {hep-th},
	Reportnumber = {NORDITA-2013-1, UUITP-01-13, UWO-TH-13-1},
	Slaccitation = {%%CITATION = ARXIV:1301.1597;%%},
	Title = {{Rigorous Test of Non-conformal Holography: Wilson Loops in N=2* Theory}},
	Volume = {1303},
	Year = {2013},
	Bdsk-Url-1 = {http://dx.doi.org/10.1007/JHEP03(2013)062}}

@article{Russo:2013kea,
      author         = "Russo, J. G. and Zarembo, K.",
      title          = "{Massive N=2 Gauge Theories at Large N}",
      journal        = "JHEP",
      volume         = "11",
      year           = "2013",
      pages          = "130",
      doi            = "10.1007/JHEP11(2013)130",
      eprint         = "1309.1004",
      archivePrefix  = "arXiv",
      primaryClass   = "hep-th",
      reportNumber   = "NORDITA-2013-65, UUITP-11-13",
      SLACcitation   = "%%CITATION = ARXIV:1309.1004;%%"
}

@article{Russo:2013qaa,
      author         = "Russo, Jorge G. and Zarembo, Konstantin",
      title          = "{Evidence for Large-N Phase Transitions in N=2* Theory}",
      journal        = "JHEP",
      volume         = "04",
      year           = "2013",
      pages          = "065",
      doi            = "10.1007/JHEP04(2013)065",
      eprint         = "1302.6968",
      archivePrefix  = "arXiv",
      primaryClass   = "hep-th",
      reportNumber   = "NORDITA-2013-17, UUITP-05-13",
      SLACcitation   = "%%CITATION = ARXIV:1302.6968;%%"
}

@article{Nekrasov:2002qd,
      author         = "Nekrasov, Nikita A.",
      title          = "{Seiberg-Witten prepotential from instanton counting}",
      journal        = "Adv. Theor. Math. Phys.",
      volume         = "7",
      year           = "2003",
      number         = "5",
      pages          = "831-864",
      doi            = "10.4310/ATMP.2003.v7.n5.a4",
      eprint         = "hep-th/0206161",
      archivePrefix  = "arXiv",
      primaryClass   = "hep-th",
      reportNumber   = "ITEP-TH-22-02, IHES-P-04-22",
      SLACcitation   = "%%CITATION = HEP-TH/0206161;%%"
}

@article{Okuda:2010ke,
      author         = "Okuda, Takuya and Pestun, Vasily",
      title          = "{On the instantons and the hypermultiplet mass of N=2*
                        super Yang-Mills on $S^{4}$}",
      journal        = "JHEP",
      volume         = "03",
      year           = "2012",
      pages          = "017",
      doi            = "10.1007/JHEP03(2012)017",
      eprint         = "1004.1222",
      archivePrefix  = "arXiv",
      primaryClass   = "hep-th",
      reportNumber   = "ITEP-TH-04-10",
      SLACcitation   = "%%CITATION = ARXIV:1004.1222;%%"
}

@article{Erickson:2000af,
      author         = "Erickson, J. K. and Semenoff, G. W. and Zarembo, K.",
      title          = "{Wilson loops in N=4 supersymmetric Yang-Mills theory}",
      journal        = "Nucl. Phys.",
      volume         = "B582",
      year           = "2000",
      pages          = "155-175",
      doi            = "10.1016/S0550-3213(00)00300-X",
      eprint         = "hep-th/0003055",
      archivePrefix  = "arXiv",
      primaryClass   = "hep-th",
      reportNumber   = "ITEP-TH-13-00",
      SLACcitation   = "%%CITATION = HEP-TH/0003055;%%"
}

@article{Minahan:2010js,
      author         = "Minahan, Joseph A.",
      title          = "{Review of AdS/CFT Integrability, Chapter I.1: Spin
                        Chains in N=4 Super Yang-Mills}",
      journal        = "Lett. Math. Phys.",
      volume         = "99",
      year           = "2012",
      pages          = "33-58",
      doi            = "10.1007/s11005-011-0522-9",
      eprint         = "1012.3983",
      archivePrefix  = "arXiv",
      primaryClass   = "hep-th",
      reportNumber   = "UUITP-38-10",
      SLACcitation   = "%%CITATION = ARXIV:1012.3983;%%"
}

@article{Nedelin:2015mta,
      author         = "Nedelin, Anton",
      title          = "{Phase transitions in 5D super Yang-Mills theory}",
      journal        = "JHEP",
      volume         = "07",
      year           = "2015",
      pages          = "004",
      doi            = "10.1007/JHEP07(2015)004",
      eprint         = "1502.07275",
      archivePrefix  = "arXiv",
      primaryClass   = "hep-th",
      reportNumber   = "UUITP-06-15",
      SLACcitation   = "%%CITATION = ARXIV:1502.07275;%%"
}


@article{PhysRevD.10.4114,
  title = {Nonperturbative methods and extended-hadron models in field theory. I. Semiclassical functional methods},
  author = {Dashen, Roger F. and Hasslacher, Brosl and Neveu, Andr\'e},
  journal = {Phys. Rev. D},
  volume = {10},
  issue = {12},
  pages = {4114--4129},
  numpages = {0},
  year = {1974},
  month = {Dec},
  publisher = {American Physical Society},
  doi = {10.1103/PhysRevD.10.4114},
  url = {https://link.aps.org/doi/10.1103/PhysRevD.10.4114}
}

@article{PhysRevD.10.4130,
  title = {Nonperturbative methods and extended-hadron models in field theory. II. Two-dimensional models and extended hadrons},
  author = {Dashen, Roger F. and Hasslacher, Brosl and Neveu, Andr\'e},
  journal = {Phys. Rev. D},
  volume = {10},
  issue = {12},
  pages = {4130--4138},
  numpages = {0},
  year = {1974},
  month = {Dec},
  publisher = {American Physical Society},
  doi = {10.1103/PhysRevD.10.4130},
  url = {https://link.aps.org/doi/10.1103/PhysRevD.10.4130}
}

@article{Cvetic:1999zs,
      author         = "Cvetic, Mirjam and Lu, Hong and Pope, C. N. and Stelle,
                        K. S.",
      title          = "{T duality in the Green-Schwarz formalism, and the
                        massless / massive IIA duality map}",
      journal        = "Nucl. Phys.",
      volume         = "B573",
      year           = "2000",
      pages          = "149-176",
      doi            = "10.1016/S0550-3213(99)00740-3",
      eprint         = "hep-th/9907202",
      archivePrefix  = "arXiv",
      primaryClass   = "hep-th",
      reportNumber   = "UPR-0852-T, CTP-TAMU-31-99, SISSA-88-99-EP,
                        IMPERIAL-TP-98-99-63, NSF-ITP-99-086",
      SLACcitation   = "%%CITATION = HEP-TH/9907202;%%"
}
@article{Fradkin:1983xs,
      author         = "Fradkin, E. S. and Tseytlin, Arkady A.",
      title          = "{One Loop Infinities in Dimensionally Reduced
                        Supergravities}",
      journal        = "Phys. Lett.",
      volume         = "B137",
      year           = "1984",
      pages          = "357-362",
      doi            = "10.1016/0370-2693(84)91732-5",
      reportNumber   = "KFKI-1983-115",
      SLACcitation   = "%%CITATION = PHLTA,B137,357;%%"
}

@article{GRISARU1988625,
title = "$\beta$-function approach to the Green-Schwarz superstring",
journal = "Physics Letters B",
volume = "206",
number = "4",
pages = "625 - 630",
year = "1988",
note = "",
issn = "0370-2693",
doi = "http://dx.doi.org/10.1016/0370-2693(88)90708-3",
url = "http://www.sciencedirect.com/science/article/pii/0370269388907083",
author = "M.T. Grisaru and H. Nishino and D. Zanon",
}
@article{GRISARU1985116,
title = "N = 2 superstrings in a supergravity background",
journal = "Physics Letters B",
volume = "162",
number = "1",
pages = "116 - 120",
year = "1985",
note = "",
issn = "0370-2693",
doi = "http://dx.doi.org/10.1016/0370-2693(85)91071-8",
url = "http://www.sciencedirect.com/science/article/pii/0370269385910718",
author = "M.T. Grisaru and P. Howe and L. Mezincescu and B.E.W. Nilsson and P.K. Townsend",
}

@article{Schwarz:1983qr,
      author         = "Schwarz, John H.",
      title          = "{Covariant Field Equations of Chiral N=2 D=10
                        Supergravity}",
      journal        = "Nucl. Phys.",
      volume         = "B226",
      year           = "1983",
      pages          = "269",
      doi            = "10.1016/0550-3213(83)90192-X",
      reportNumber   = "CALT-68-1016",
      SLACcitation   = "%%CITATION = NUPHA,B226,269;%%"
}

@article{Semenoff:2002kk,
      author         = "Semenoff, Gordon W. and Zarembo, K.",
      title          = "{Wilson loops in SYM theory: From weak to strong
                        coupling}",
      booktitle      = "{Light cone physics: Particles and strings. Proceedings,
                        International Workshop, Trento, Italy, September 3-11,
                        2001}",
      journal        = "Nucl. Phys. Proc. Suppl.",
      volume         = "108",
      year           = "2002",
      pages          = "106-112",
      doi            = "10.1016/S0920-5632(02)01312-9",
      note           = "[,106(2002)]",
      eprint         = "hep-th/0202156",
      archivePrefix  = "arXiv",
      primaryClass   = "hep-th",
      reportNumber   = "ITEP-TH-63-01",
      SLACcitation   = "%%CITATION = HEP-TH/0202156;%%"
}

@article{Wulff:2013kga,
      author         = "Wulff, Linus",
      title          = "{The type II superstring to order $\theta^4$}",
      journal        = "JHEP",
      volume         = "07",
      year           = "2013",
      pages          = "123",
      doi            = "10.1007/JHEP07(2013)123",
      eprint         = "1304.6422",
      archivePrefix  = "arXiv",
      primaryClass   = "hep-th",
      reportNumber   = "MIFPA-13-13",
      SLACcitation   = "%%CITATION = ARXIV:1304.6422;%%"
}

@phdthesis{Wulff:2007vj,
      author         = "Wulff, Linus",
      title          = "{Strings, boundary fermions and coincident D-branes}",
      school         = "Stockholm U.",
      year           = "2007",
      eprint         = "hep-th/0701129",
      archivePrefix  = "arXiv",
      primaryClass   = "hep-th",
      reportNumber   = "USITP-07-01",
      SLACcitation   = "%%CITATION = HEP-TH/0701129;%%"
}

